@book{ling2004coding,
  title={Coding theory: a first course},
  author={Ling, San and Xing, Chaoping},
  year={2004},
  publisher={Cambridge University Press}
}

@misc{kopparty2023topics,
  author = {Swastik Kopparty},
  title = {{Lecture Notes: Topics in Finite Fields}},
  howpublished = "\url{https://www.math.toronto.edu/swastik/courses/finitefields-F23/}",
  year = {2023},
}

@article{randriambololona2015products,
  title={On products and powers of linear codes under componentwise multiplication},
  author={Randriambololona, Hugues},
  journal={Algorithmic arithmetic, geometry, and coding theory},
  volume={637},
  pages={3--78},
  year={2015}
}

@inproceedings{chen2007secure,
  title={Secure computation from random error correcting codes},
  author={Chen, Hao and Cramer, Ronald and Goldwasser, Shafi and De Haan, Robbert and Vaikuntanathan, Vinod},
  booktitle={Annual International Conference on the Theory and Applications of Cryptographic Techniques},
  pages={291--310},
  year={2007},
  organization={Springer}
}

@article{padro2012lecture,
  title={Lecture notes in secret sharing},
  author={Padr{\'o}, Carles},
  journal={Cryptology ePrint Archive},
  year={2012}
}

@misc{popsci2010order,
  title = {An Order of Seven Global Cyber-Guardians Now Hold Keys to the Internet},
  howpublished = {\url{https://www.popsci.com/technology/article/2010-07/order-seven-cyber-guardians-around-world-now-hold-keys-internet/}},
  note = {Accessed: 2024-05-05},
  author = {Dillow, Clay},
  year = {2010}
}

@article{freij2017private,
  title={Private information retrieval from coded databases with colluding servers},
  author={Freij-Hollanti, Ragnar and Gnilke, Oliver W and Hollanti, Camilla and Karpuk, David A},
  journal={SIAM Journal on Applied Algebra and Geometry},
  volume={1},
  number={1},
  pages={647--664},
  year={2017},
  publisher={SIAM}
}
